<collection xmlns="http://www.loc.gov/MARC21/slim">
<record>
  <leader>01233nam0a22002651i 450 </leader>
  <controlfield tag="001">IT\ICCU\CNCE\054397</controlfield>
  <controlfield tag="005">20030624000000.0</controlfield>
  <datafield tag="100" ind1=" " ind2=" ">
    <subfield code="a">20030624d1531        0itac0103    ba</subfield>
  </datafield>
  <datafield tag="101" ind1=" " ind2=" ">
    <subfield code="a">GRC</subfield>
  </datafield>
  <datafield tag="102" ind1=" " ind2=" ">
    <subfield code="a">IT</subfield>
  </datafield>
  <datafield tag="200" ind1="1" ind2=" ">
    <subfield code="a">De fide ortodoxa. De iis qui in fide dormierunt</subfield>
  </datafield>
  <datafield tag="210" ind1=" " ind2=" ">
    <subfield code="a">Verona</subfield>
    <subfield code="c">Stefano da Sabio</subfield>
    <subfield code="d">1531</subfield>
  </datafield>
  <datafield tag="215" ind1=" " ind2=" ">
    <subfield code="a">\8!, 154 c.</subfield>
    <subfield code="d">4ʻ</subfield>
  </datafield>
  <datafield tag="620" ind1=" " ind2=" ">
    <subfield code="a">IT</subfield>
    <subfield code="d">Verona</subfield>
  </datafield>
  <datafield tag="700" ind1=" " ind2="0">
    <subfield code="a">Ioannes</subfield>
    <subfield code="c"> : Damascenus</subfield>
    <subfield code="c"> &lt;santo&gt;</subfield>
    <subfield code="3">IT\ICCU\CNCA\004373</subfield>
  </datafield>
  <datafield tag="712" ind1="0" ind2="0">
    <subfield code="a">Nicolini da Sabbio, Stefano</subfield>
    <subfield code="3">IT\ICCU\CNCT\000217</subfield>
    <subfield code="4">650</subfield>
  </datafield>
  <datafield tag="790" ind1=" " ind2="0">
    <subfield code="a">Giovanni</subfield>
    <subfield code="c"> : Damasceno</subfield>
    <subfield code="c"> &lt;santo&gt;</subfield>
    <subfield code="3">IT\ICCU\CNCA\016209</subfield>
    <subfield code="z">Ioannes : Damascenus &lt;santo&gt;</subfield>
  </datafield>
  <datafield tag="790" ind1=" " ind2="0">
    <subfield code="a">Johannes</subfield>
    <subfield code="c"> : Damascenus</subfield>
    <subfield code="3">IT\ICCU\CNCA\026047</subfield>
    <subfield code="z">Ioannes : Damascenus &lt;santo&gt;</subfield>
  </datafield>
  <datafield tag="790" ind1=" " ind2="0">
    <subfield code="a">Joannes</subfield>
    <subfield code="c"> : Damascenus</subfield>
    <subfield code="3">IT\ICCU\CNCA\026048</subfield>
    <subfield code="z">Ioannes : Damascenus &lt;santo&gt;</subfield>
  </datafield>
  <datafield tag="791" ind1="0" ind2="0">
    <subfield code="a">Sabiensis, Stephanus</subfield>
    <subfield code="3">IT\ICCU\CNCT\002440</subfield>
    <subfield code="z">Nicolini da Sabbio, Stefano</subfield>
  </datafield>
  <datafield tag="791" ind1="0" ind2="0">
    <subfield code="a">Sabio, Stephanus a</subfield>
    <subfield code="3">IT\ICCU\CNCT\002441</subfield>
    <subfield code="z">Nicolini da Sabbio, Stefano</subfield>
  </datafield>
  <datafield tag="791" ind1="0" ind2="0">
    <subfield code="a">Nicolini, Stefano</subfield>
    <subfield code="3">IT\ICCU\CNCT\005125</subfield>
    <subfield code="z">Nicolini da Sabbio, Stefano</subfield>
  </datafield>
  <datafield tag="791" ind1="0" ind2="0">
    <subfield code="a">Nicolinus Sabiensis, Stephanus</subfield>
    <subfield code="3">IT\ICCU\CNCT\005126</subfield>
    <subfield code="z">Nicolini da Sabbio, Stefano</subfield>
  </datafield>
  <datafield tag="801" ind1=" " ind2="3">
    <subfield code="a">IT</subfield>
    <subfield code="b">ICCU</subfield>
    <subfield code="c">20201115</subfield>
  </datafield>
  <datafield tag="899" ind1=" " ind2=" ">
    <subfield code="a">Biblioteca del Seminario vescovile. Verona</subfield>
    <subfield code="1">VR0061</subfield>
    <subfield code="2">PBE 83</subfield>
  </datafield>
</record>
</collection>
